@online{biblatex,
  title = {Biblatex â€“ Sophisticated Bibliographies in LaTeX},
  publisher = {Dansk Standard},
  year = {2018},
  author = {Philipp Lehman AND Joseph Wright AND Audrey Boruvka AND Philip Kime},
  url = {https://www.ctan.org/pkg/biblatex}
}

@misc{ICMJE2020vancouver,
  title        = {Recommendations for the Conduct, Reporting, Editing, and Publication of Scholarly Work in Medical Journals},
  author       = {{International Committee of Medical Journal Editors (ICMJE)} and Johanne Severinsen and Lise Ekern and Ingrid Torp},
  year         = {2020},
  note         = {Originally prepared by Severinsen and Ekern (2017), updated by Torp (2022). Translated by Carole Hognestad.},
  url          = {https://www.icmje.org/icmje-recommendations.pdf},
  howpublished = {\url{https://www.icmje.org/icmje-recommendations.pdf}},
  institution  = {International Committee of Medical Journal Editors},
  month        = {August},
}
