@online{biblatex,
  title = {Biblatex â€“ Sophisticated Bibliographies in LaTeX},
  publisher = {Dansk Standard},
  year = {2018},
  author = {Philipp Lehman AND Joseph Wright AND Audrey Boruvka AND Philip Kime},
  url = {https://www.ctan.org/pkg/biblatex}
}

@online{scientific_method,
  title = {Scientific method},
  author = {Wikipedia},
  year = {2023},
  url = {https://en.wikipedia.org/wiki/Scientific_method}
}
